%% This BibTeX bibliography file was created using BibDesk.
%% http://bibdesk.sourceforge.net/

%% Created for Jordan Levy at 2017-05-01 14:04:57 -0700 


%% Saved with string encoding Unicode (UTF-8) 

@misc{SE-code,
   title = {Software Engineering Code of Ethics},
   url = {http://www.acm.org/about/se-code},
   annote = {Compiled by the ACM and IEE, this code creates the ethical basis upon which this paper is written.}}

@misc{webster,
	Annote = {Merriam-Webster's online dictionary site. Est. 1828, Merriam-Webster is one of the most respected dictionaries of the English language.},
	Title = {Merriam-Webster Dictionary},
	Url  = {https://www.merriam-webster.com/}}

@misc{oxford,
	Annote = {Oxford Dictionaries' website. First published in 1884, Oxford Dictionaries is a global dictionary service for many different languages including English, Chinese, Arabic, French, and more.},
	Title = {Oxford Dictionaries},
	Url = {https://www.oxforddictionaries.com/}},

@article{internet-economics,
	Annote = {A study on the effects of Internet education on economic growth made in different countries around the world},
	Author = {Lawrence Jin and Jang C. Jin},
	Date-Added = {2017-04-17 20:44:28 +0000},
	Date-Modified = {2017-04-17 20:46:23 +0000},
	Journal = {MDPI Economics},
	Title = {Internet Education and Economic Growth: Evidence from Cross-Country Regressions},
	Year = {2014}}

@webpage{fortune-regulation,
	Annote = {Fortune describes some of Chairman Pai's policies and their implications.},
	Date-Added = {2017-04-14 20:17:23 +0000},
	Date-Modified = {2017-04-14 20:17:45 +0000},
	Url = {http://fortune.com/2017/02/28/donald-trump-fcc-chair-ajit-pai/},
	Bdsk-Url-1 = {http://fortune.com/2017/02/28/donald-trump-fcc-chair-ajit-pai/}}
	
@webpage{pai-fcc-page,
	Annote = {The `About' page for Ajit Pai on the official FCC website.},
	Title = {Ajit Pai | Federal Communications Commission},
	Url = {https://www.fcc.gov/about/leadership/ajit-pai}}
	
@webpage{pai-early-statement,
	Annote = {A statement from Ajit Pai from his early days as a commissioner of the FCC, published on the FCC website.},
	Title = {Pai Statement-Formation of Technology Transitions Policy Task Force | Federal Communications Commission},
	Url = {https://www.fcc.gov/document/pai-statement-formation-technology-transitions-policy-task-force}}

@webpage{ieee-article,
	Annote = {IEEE article analyzing pros and cons of different regulatory policy for the Internet},
	Title = {Is Net Neutrality Good or Bad for Innovation?},
	Author = {Amy Nordrum},
	Url = {http://spectrum.ieee.org/tech-talk/telecom/internet/does-net-neutrality-help-or-harm-innovation}}
	
@webpage{satisfaction,
	Annote = {Data from the American Customer Satisfaction Index of various industries, most notably Internet Service Providers},
	Title = {Benchmarks By Industry},
	Author = {American Customer Satisfaction Index},
	Url = {http://www.theacsi.org/customer-satisfaction-benchmarks/benchmarks-by-industry}}
	
@webpage{google-stats,
	Annote = {Search results for ``How many Americans use the Internet?"},
	Url = {https://www.google.com/search?q=ieee&ie=utf-8&oe=utf-8#q=How+many+Americans+use+the+Internet?}}
	
@webpage{npr-pai-makes-case,
	Annote = {NPR piece covering highlights of an interview with Chairman Pai regarding his stance on Net Neutrality},
	Title = {FCC Chief Makes Case For Tackling Net Neutrality Violations 'After The Fact'},
	Author = {Alina Selyukh and David Greene},
	Url = {http://www.npr.org/sections/alltechconsidered/2017/05/05/526916610/fcc-chief-net-neutrality-rules-treating-internet-as-utility-stifle-growth}}
	
@webpage{pbs-pai-makes-case,
	Annote = {Transcript of a PBS interview with Ajit Pai, where he defends his stance on Net Neutrality and Internet regulations.},
	Title = {FCC chair Ajit Pai explains why he wants to scrap net neutrality},
	Url = {http://www.pbs.org/newshour/bb/fcc-chair-ajit-pai-explains-wants-scrap-net-neutrality/}}

@webpage{pai-nyt,
	Annote = {New York Times article outlining some of Pai's actions since becoming FCC Chairman.},
	Date-Added = {2017-04-14 18:34:52 +0000},
	Date-Modified = {2017-04-14 18:35:13 +0000},
	Url = {https://www.nytimes.com/2017/02/05/technology/trumps-fcc-quickly-targets-net-neutrality-rules.html},
	Bdsk-Url-1 = {https://www.nytimes.com/2017/02/05/technology/trumps-fcc-quickly-targets-net-neutrality-rules.html}}
	
@webpage{eff-pro-net,
	Annote = {Electronic Frontier Foundation article that criticizes the FCC's actions regarding Internet policy.},
	Title = {Dear FCC: We See Through Your Plan to Roll Back Real Net Neutrality},
	Author = {Corynne McSherry},
	Url = {https://www.eff.org/deeplinks/2017/05/dear-fcc-we-see-through-your-plan-roll-back-real-net-neutrality}}

@webpage{pai-is-chairman,
	Annote = {Forbes article detailing Pai's confirmation as FCC chairman.},
	Url = {https://www.forbes.com/sites/haroldfurchtgottroth/2017/01/22/president-trump-designates-ajit-pai-as-chairman-of-fcc/#53ac58af1577},
	Bdsk-Url-1 = {https://www.forbes.com/sites/haroldfurchtgottroth/2017/01/22/president-trump-designates-ajit-pai-as-chairman-of-fcc/#53ac58af1577}}
	
@webpage{forbes-libertarian,
	Annote = {Forbes Contributor outlines his case against government regulation of the Internet.},
	Title = {Am I The Only Techie Against Net Neutrality?},
	Author = {Josh Steimle},
	Url = {https://www.forbes.com/sites/joshsteimle/2014/05/14/am-i-the-only-techie-against-net-neutrality/#70d51c3870d5}}

@webpage{aclu,
	Annote = {The American Civil Liberties Union page describing Net Neutrality, related policy, and the organizations stance regarding it.},
	Title = {What is Net Neutrality?},
	Url = {https://www.aclu.org/feature/what-net-neutrality}}
	
@webpage{oliver,
	Annote = {Fortune article describing a segment on comedian John Oliver's show Last Week Tonight, where he bashed the FCC and Chairman Pai's Net Neutrality policy and directed viewers to make complaints on their website. The site purportedly crashed, and the FCC then stopped accepting comments through it.},
	Author = {Jeff John Roberts},
	Title = {John Oliver's Net Neutrality Rant Crashes FCC Website},
	Url = {http://fortune.com/2017/05/08/john-oliver-net-neutrality/}}
	
@webpage{oliver2,
	Annote = {Deadline article outlining the John Oliver's affect on the FCC website and the FCC's response.},
	Author = {Lisa de Moraes},
	Title = {FCC Insists John Oliver Net Neutrality Call-To-Action Did Not Crash Comments Section},
	Url = {http://deadline.com/2017/05/john-oliver-fcc-net-neutrality-comments-section-crash-ddos-1202087088/}}

@webpage{cnn-fcc,
	Annote = {CNN article summarizing changes to legislation, key players, and affects on Internet users.},
	Author = {David Goldman and Jose Pagliery},
	Date-Added = {2017-04-14 18:00:43 +0000},
	Date-Modified = {2017-04-14 21:01:02 +0000},
	Journal = {CNN tech},
	Keywords = {FCC},
	Lastchecked = {4/14/17},
	Month = {June},
	Title = {Net neutrality is here. What it means for you},
	Url = {http://money.cnn.com/2015/06/12/technology/net-neutrality/},
	Year = {2015},
	Bdsk-Url-1 = {http://money.cnn.com/2015/06/12/technology/net-neutrality/}}
	
@misc{cpe300,
   Title = {{C}{P}{E} 300 Lectures},
   Author = {Dr. Clark Turner},
   Annote = {Lectures by Dr. Clark Turner for Cal Poly's Professional Responsibilities class.}}
